@InProceedings{AndCarBez2021bracis,
  author={Andrade Junior, Jos{\'e} E.
  and Cardoso-Silva, Jonathan
  and Bezerra, Leonardo~ C.~T.},
  editor={Britto, Andr{\'e}
  and Valdivia Delgado, Karina},
  title={Comparing Contextual Embeddings for Semantic Textual Similarity in Portuguese},
  booktitle={Brazilian Conference on Intelligent Systems (BRACIS 2021)},
  year={2021},
  publisher={Springer International Publishing},
  address={Cham},
  pages={389--404},
}

