@InProceedings{AraCacBezVieBor2018sc,
  author={Ara{\'u}jo, Adelson and Cacho, N{\'e}lio and Bezerra, Leonardo~C.~T. and Vieira, Carlos and Borges, Julio},
  booktitle={2018 IEEE 20th International Conference on High Performance Computing and Communications; IEEE 16th International Conference on Smart City; IEEE 4th International Conference on Data Science and Systems (HPCC/SmartCity/DSS)}, 
  title={Towards a Crime Hotspot Detection Framework for Patrol Planning}, 
  year={2018},
  pages={1256-1263},
  doi={10.1109/HPCC/SmartCity/DSS.2018.00211},
}
