@InCollection{BezGolBurGol2011a,
  author={Leonardo C. T. Bezerra and 
	  Elizabeth F. G. Goldbarg and 
	  Luciana S. Buriol and 
	  Marco C. Goldbarg},
  title={{GRACE}: A Generational Randomized {ACO} for the Multiobjective Shortest Path Problem},
  booktitle={Evolutionary Multi-Criterion Optimization (EMO 2011)},
  series={Lecture Notes in Computer Science},
  volume={6576},
  editor={R. H. C. Takahashi and others},
  publisher={Springer},
  year={2011}
}
