@InCollection{BezLopStu2012ants,
  author={Leonardo C. T. Bezerra and 
	  Manuel L{\'o}pez-Ib{\'a}{\~n}ez and 
	  Thomas St{\"u}tzle},
  title={Automatic Generation of Multi-objective {ACO} Algorithms for the Bi-objective Knapsack},
  booktitle={Swarm Intelligence (ANTS 2012)},
  series={Lecture Notes in Computer Science},
  volume={7461},
  editor={M. Dorigo and others},
  publisher={Springer-Verlag},
  pages={37-48},
  doi={10.1007/978-3-642-32650-9\_4},
  year={2012}
}