@incollection{BezLopStu2015a,
 year={2015},
 booktitle={Evolutionary Multi-Criterion Optimization (EMO 2015)},
 series={Lecture Notes in Computer Science},
 volume={9018},
 editor={A. Gaspar-Cunha and others},
 title={To {DE} or not to {DE}? {M}ulti-objective differential evolution revisited from a component-wise perspective},
 publisher={Springer International Publishing},
 pages={48-63},
 author={Bezerra, Leonardo~C.~T. and L{\'o}pez-Ib{\'a}{\~n}ez, Manuel and St{\"u}tzle, Thomas},
}
