@incollection{BezLopStu2015b,
 year={2015},
 booktitle={Evolutionary Multi-Criterion Optimization (EMO 2015)},
 volume={9018},
 series={Lecture Notes in Computer Science},
 title={Comparing decomposition-based and automatically component-wise designed multi-objective evolutionary algorithms},
 editor={A. Gaspar-Cunha and others},
 publisher={Springer International Publishing},
 author={Bezerra, Leonardo~C.~T. and L{\'o}pez-Ib{\'a}{\~n}ez, Manuel and St{\"u}tzle, Thomas},
 pages={396-410}
}
