@incollection{BezLopStu2014ppsn,
 year={2014},
 booktitle={Parallel Problem Solving from Nature – PPSN XIII},
 editor={Bartz-Beielstein, Thomas and Branke, Jürgen and Filipič, Bogdan and Smith, Jim},
 series={Lecture Notes in Computer Science},
 volume={8672},
 title={Automatic design of evolutionary algorithms for multi-objective combinatorial optimization},
 author={Bezerra, Leonardo~C.~T. and L{\'o}pez-Ib{\'a}{\~n}ez, Manuel and St{\"u}tzle, Thomas},
 publisher={Springer International Publishing},
 pages={508-517},
}
