@incollection{BezLopStu2014lion,
 year={2014},
 booktitle={Learning and Intelligent Optimization (LION 2014)},
 series={Lecture Notes in Computer Science},
 title={Deconstructing multi-objective evolutionary algorithms: an iterative analysis on the permutation flowshop problem},
 editor={Pardalos, Panos M. and Resende, Mauricio G.C. and Vogiatzis, Chrysafis and Walteros, Jose L.},
 publisher={Springer International Publishing},
 author={Bezerra, Leonardo~C.~T. and López-Ibáñez, Manuel and Stützle, Thomas},
 pages={157-172},
 volume={8426}
}
