@incollection{BezLopStu2017igd,
 year={2017},
 booktitle={Evolutionary Multi-Criterion Optimization (EMO 2017)},
 series={Lecture Notes in Computer Science},
 volume={10173},
 editor={H. Trautmann and others},
 title={An empirical assessment of the properties of inverted generational distance on multi- and many-objective optimization},
 publisher={Springer International Publishing},
 pages={31-45},
 author={Bezerra, Leonardo~C.~T. and L{\'o}pez-Ib{\'a}{\~n}ez, Manuel and St{\"u}tzle, Thomas},
}