@inproceedings{BezLopStu2019gecco,
  author = {Bezerra, Leonardo~C.~T. and L{\'o}pez-Ib{\'a}{\~n}ez, Manuel and St{\"u}tzle, Thomas},
  title = {Archiver Effects on the Performance of State-of-the-Art Multi- and Many-Objective Evolutionary Algorithms},
  year = {2019},
  publisher = {Association for Computing Machinery},
  address = {New York, NY, USA},
  doi = {10.1145/3321707.3321789},
  booktitle = {Proceedings of the Genetic and Evolutionary Computation Conference},
  pages = {620â€“628},
  numpages = {9},
  location = {Prague, Czech Republic},
  series = {GECCO '19}
}
