@incollection{BezLopStu2013evo,
year={2013},
isbn={978-3-642-37197-4},
booktitle={Evolutionary Computation in Combinatorial Optimization (EvoCOP 2013)},
volume={7832},
series={Lecture Notes in Computer Science},
editor={Middendorf, Martin and Blum, Christian},
title={An Analysis of Local Search for the Bi-objective Bidimensional Knapsack Problem},
url={http://dx.doi.org/10.1007/978-3-642-37198-1_8},
publisher={Springer Berlin Heidelberg},
author={Bezerra, Leonardo C. T. and L{\'o}pez-Ib{\'a}{\~n}ez, Manuel and St{\"u}tzle, Thomas},
pages={85-96}
}
