@InProceedings{BorZieBeiCacMarAraBezGei2018isc2,
  author={Borges, Julio and Ziehr, Daniel and Beigl, Michael and Cacho, N. and Martins, A. and Araujo, A. and Bezerra, Leonardo~C.~T. and Geisler, Simon},
  booktitle={2018 IEEE International Smart Cities Conference (ISC2)}, 
  title={Time-Series Features for Predictive Policing}, 
  year={2018},
  pages={1-8},
  doi={10.1109/ISC2.2018.8656731},
}
