@InProceedings{CavWanBezStu2021fronts,
  author={{Cavalcante da Silva}, Gabriela  and Wanner, Elizabeth F. and Bezerra, Leonardo~C.~T. and St{\"u}tzle, Thomas},
  booktitle={2021 IEEE Congress on Evolutionary Computation (CEC)}, 
  title={Revisiting Pareto-optimal multi- and many-objective reference fronts for continuous optimization}, 
  year={2021},
  pages={1171-1178},
  doi={10.1109/CEC45853.2021.9504952},
}

