@InProceedings{OliWanSouBezStu2019emo,
  author={Oliveira, Sabrina
  and Wanner, Elizabeth F.
  and de Souza, S{\'e}rgio R.
  and Bezerra, Leonardo~C.~T.
  and St{\"u}tzle, Thomas},
  editor={Deb, Kalyanmoy
  and Goodman, Erik
  and Coello Coello, Carlos A.
  and Klamroth, Kathrin
  and Miettinen, Kaisa
  and Mostaghim, Sanaz
  and Reed, Patrick},
  title={The Hypervolume Indicator as a Performance Measure in Dynamic Optimization},
  booktitle={Evolutionary Multi-Criterion Optimization},
  year={2019},
  publisher={Springer International Publishing},
  address={Cham},
  pages={319--331},
 }
