@InProceedings{SanBezMalFei2009,
  author={Selan R. dos Santos and
	  Leonardo C. T. Bezerra and 
	  Silvano Malfatti and 
	  Antonino A. Feitosa Neto},
  title={{FAITH}: A Desktop Virtual Reality System for Fingerspelling},
  booktitle={Proceedings of the XI Symposium on Virtual and Augmented Reality ({SVR} 2009)},
  address={Porto Alegre, RS},
  publisher={SBC},
  note={Best full paper award},
  year={2009}
}
