@InProceedings{SchBezBurGolGolRit11,
  author={Wagner Schmitt and
	  Leonardo C{\'e}sar Teon{\'a}cio Bezerra and 
	  Luciana Salete Buriol and 
	  Elizabeth Ferreira Gouv{\^e}a Goldbarg and 
	  Marco C{\'e}sar Goldbarg and
	  Marcus Ritt},
  title={Um estudo experimental do problem de caminhos m{\'i}nimos multiobjetivo},
  booktitle={Anais do XLIII Simp{\'o}sio Brasileiro de Pesquisa Operacional (SBPO 2011)},
  address={Ubatuba, SP},
  publisher={SBC},
  year={2011}
}
