@InProceedings{VieCacBez2021nasbench,
  author={Vieira, Carlos and C{\'a}ceres, Leslie P{\'e}rez and Bezerra, Leonardo~C.~T.},
  booktitle={2021 IEEE Congress on Evolutionary Computation (CEC)}, 
  title={Evaluating Anytime Performance on {NAS-Bench-101}}, 
  year={2021},
  pages={1249-1256},
  doi={10.1109/CEC45853.2021.9504902},
}

