@MastersThesis{BezerraMSc,
  author = {Leonardo C. T. Bezerra},
  title =  {Uma col{\^o}nia de formigas para o caminho mais curto multiobjetivo},
  school = {Departamento de Inform{\'a}tica e Matem{\'a}tica Aplicada},
  year =   {2011},
}
