@PhDThesis{BezerraPhD,
  author = {Leonardo C. T. Bezerra},
  title =  {A component-wise approach to multi-objective evolutionary algorithms: from flexible frameworks to automatic design},
  school = {IRIDIA, {\'E}cole polytechnique, Universit{\'e} Libre de Bruxelles, Belgium},
  year =   {2016},
}
