@Article{BezGolBurGol2013,
  author={Leonardo C. T. Bezerra and 
	  Elizabeth F. G. Goldbarg and 
	  Luciana S. Buriol and 
	  Marco C. Goldbarg},
  title={Analyzing the impact of {MOACO} components: An algorithmic study on the multi-objective shortest path problem},
  journal={Expert Systems with Applications},
  volume={40},
  pages={345--355},
  publisher={Elsevier},
  year={2013},
  doi={10.1016/j.eswa.2012.07.052},
}
