@Article{BezLopStu2020ecj,
  author={Bezerra, Leonardo~C.~T. and L{\'o}pez-Ib{\'a}{\~n}ez, Manuel and St{\"u}tzle, Thomas},
  title={Automatically Designing State-of-the-Art Multi- and Many-Objective Evolutionary Algorithms},
  journal={Evolutionary Computation},
  publisher={MIT press},
  year={2019},
  volume={28},
  number={2},
  pages={195-226},
  doi={10.1162/evco_a_00263},
}
