@Article{BezLopStu2018ecj,
  author={Bezerra, Leonardo~C.~T. and L{\'o}pez-Ib{\'a}{\~n}ez, Manuel and St{\"u}tzle, Thomas},
  title={A Large-Scale Experimental Evaluation of High-Performing Multi- and Many-Objective Evolutionary Algorithms},
  journal={Evolutionary Computation},
  publisher={MIT press},
  volume={26},
  number={4},
  pages={621--656},
  year={2018},
  doi={10.1162/evco_a_00217},
}
