@Article{BezLopStu2016tec,
  author={Bezerra, Leonardo~C.~T. and L{\'o}pez-Ib{\'a}{\~n}ez, Manuel and St{\"u}tzle, Thomas},
  title={Automatic component-wise design of multi-objective evolutionary algorithms},
  journal={IEEE Transactions on Evolutionary Computation},
  publisher={IEEE},
  volume={20},
  issue={3},
  pages={403--417},
  year={2016},
  doi={10.1109/TEVC.2015.2474158},
}
