@article{CavMonOliWanBezTakLim2021tp,
  title = {Comparing community mobility reduction between first and second {COVID-19} waves},
  journal = {Transport Policy},
  volume = {112},
  pages = {114-124},
  year = {2021},
  doi = {10.1016/j.tranpol.2021.08.004},
  author = {Gabriela {Cavalcante da Silva} and Fernanda {Monteiro de Almeida} and Sabrina M. {de Oliveira} and Elizabeth F. Wanner and Bezerra, Leonardo~C.~T. and Ricardo H.C. Takahashi and Luciana Lima},
}

