@article{OliBezStuDorWanSou2021cor,
  title = {A computational study on ant colony optimization for the traveling salesman problem with dynamic demands},
  journal = {Computers \& Operations Research},
  volume = {135},
  pages = {105359},
  year = {2021},
  doi = {10.1016/j.cor.2021.105359},
  author = {Sabrina M. {de Oliveira} and Bezerra, Leonardo~C.~T.  and St{\"u}tzle, Thomas and Marco Dorigo and Elizabeth F. Wanner and S{\'e}rgio R. {de Souza}},
}
