@InCollection{BezLopStu2020chapter,
 year={2020},
 booktitle={High-Performance Simulation Based Optimization},
 series={Studies in Computational Intelligence},
 editor={P. Koro{\v s}ec and others},
 title={Automatic Configuration of Multi-objective Optimizers and Multi-objective Configuration},
 publisher={Springer International Publishing},
 author={Bezerra, Leonardo~C.~T. and L{\'o}pez-Ib{\'a}{\~n}ez, Manuel and St{\"u}tzle, Thomas},
 doi={10.1007/978-3-030-18764-4_4},
 pages={69--92},
}

@InCollection{awe2022promoting,
  author={Nunes, Marcus A. and Bezerra, Leonardo~C.~T. and Adenomon, M. O. and Marques, T. V.},
  title={New approaches to statistical learning in developing countries},
  booktitle={Promoting Statistical Practice and Collaboration in Developing Countries},
  editor={{Olawale Awe}, Olushina and Love, Kim and Vance, Eric A.},
  year={2022},
  publisher={Taylor \& Francis}
}