@InCollection{BezGolBurGol2011a,
  author={Leonardo C. T. Bezerra and 
	  Elizabeth F. G. Goldbarg and 
	  Luciana S. Buriol and 
	  Marco C. Goldbarg},
  title={{GRACE}: A Generational Randomized {ACO} for the Multiobjective Shortest Path Problem},
  booktitle={Evolutionary Multi-Criterion Optimization (EMO 2011)},
  series={Lecture Notes in Computer Science},
  volume={6576},
  editor={R. H. C. Takahashi and others},
  publisher={Springer},
  year={2011}
}
@InCollection{BezLopStu2012,
  author={Leonardo C. T. Bezerra and 
	  Manuel L{\'o}pez-Ib{\'a}{\~n}ez and 
	  Thomas St{\"u}tzle},
  title={Automatic Generation of Multi-objective {ACO} Algorithms for the Bi-objective Knapsack},
  booktitle={Swarm Intelligence (ANTS 2012)},
  series={Lecture Notes in Computer Science},
  volume={7461},
  editor={M. Dorigo and others},
  publisher={Springer-Verlag},
  pages={37-48},
  doi={10.1007/978-3-642-32650-9\_4},
  year={2012}
}
@incollection{BezLopStu2013,
year={2013},
isbn={978-3-642-37197-4},
booktitle={Evolutionary Computation in Combinatorial Optimization (EvoCOP 2013)},
volume={7832},
series={Lecture Notes in Computer Science},
editor={Middendorf, Martin and Blum, Christian},
title={An Analysis of Local Search for the Bi-objective Bidimensional Knapsack Problem},
url={http://dx.doi.org/10.1007/978-3-642-37198-1_8},
publisher={Springer Berlin Heidelberg},
author={Bezerra, Leonardo C. T. and L{\'o}pez-Ib{\'a}{\~n}ez, Manuel and St{\"u}tzle, Thomas},
pages={85-96}
}
@incollection{BezLopStu2014a,
 year={2014},
 booktitle={Learning and Intelligent Optimization (LION 2014)},
 series={Lecture Notes in Computer Science},
 title={Deconstructing multi-objective evolutionary algorithms: an iterative analysis on the permutation flowshop problem},
 editor={Pardalos, Panos M. and Resende, Mauricio G.C. and Vogiatzis, Chrysafis and Walteros, Jose L.},
 publisher={Springer International Publishing},
 author={Bezerra, Leonardo~C.~T. and López-Ibáñez, Manuel and Stützle, Thomas},
 pages={157-172},
 volume={8426}
}
@incollection{BezLopStu2014b,
 year={2014},
 booktitle={Parallel Problem Solving from Nature – PPSN XIII},
 editor={Bartz-Beielstein, Thomas and Branke, Jürgen and Filipič, Bogdan and Smith, Jim},
 series={Lecture Notes in Computer Science},
 volume={8672},
 title={Automatic design of evolutionary algorithms for multi-objective combinatorial optimization},
 author={Bezerra, Leonardo~C.~T. and L{\'o}pez-Ib{\'a}{\~n}ez, Manuel and St{\"u}tzle, Thomas},
 publisher={Springer International Publishing},
 pages={508-517},
}
@incollection{BezLopStu2015a,
 year={2015},
 booktitle={Evolutionary Multi-Criterion Optimization (EMO 2015)},
 series={Lecture Notes in Computer Science},
 volume={9018},
 editor={A. Gaspar-Cunha and others},
 title={To {DE} or not to {DE}? {M}ulti-objective differential evolution revisited from a component-wise perspective},
 publisher={Springer International Publishing},
 pages={48-63},
 author={Bezerra, Leonardo~C.~T. and L{\'o}pez-Ib{\'a}{\~n}ez, Manuel and St{\"u}tzle, Thomas},
}
@incollection{BezLopStu2015b,
 year={2015},
 booktitle={Evolutionary Multi-Criterion Optimization (EMO 2015)},
 volume={9018},
 series={Lecture Notes in Computer Science},
 title={Comparing decomposition-based and automatically component-wise designed multi-objective evolutionary algorithms},
 editor={A. Gaspar-Cunha and others},
 publisher={Springer International Publishing},
 author={Bezerra, Leonardo~C.~T. and L{\'o}pez-Ib{\'a}{\~n}ez, Manuel and St{\"u}tzle, Thomas},
 pages={396-410}
}
@incollection{BezLopStu2017,
 year={2017},
 booktitle={Evolutionary Multi-Criterion Optimization (EMO 2017)},
 series={Lecture Notes in Computer Science},
 volume={10173},
 editor={H. Trautmann and others},
 title={An empirical assessment of the properties of inverted generational distance on multi- and many-objective optimization},
 publisher={Springer International Publishing},
 pages={31-45},
 author={Bezerra, Leonardo~C.~T. and L{\'o}pez-Ib{\'a}{\~n}ez, Manuel and St{\"u}tzle, Thomas},
}
@InProceedings{SanBezMalFei2009,
  author={Selan R. dos Santos and
	  Leonardo C. T. Bezerra and 
	  Silvano Malfatti and 
	  Antonino A. Feitosa Neto},
  title={{FAITH}: A Desktop Virtual Reality System for Fingerspelling},
  booktitle={Proceedings of the XI Symposium on Virtual and Augmented Reality ({SVR} 2009)},
  address={Porto Alegre, RS},
  publisher={SBC},
  note={Best full paper award},
  year={2009}
}
@InProceedings{SchBezBurGolGolRit11,
  author={Wagner Schmitt and
	  Leonardo C{\'e}sar Teon{\'a}cio Bezerra and 
	  Luciana Salete Buriol and 
	  Elizabeth Ferreira Gouv{\^e}a Goldbarg and 
	  Marco C{\'e}sar Goldbarg and
	  Marcus Ritt},
  title={Um estudo experimental do problem de caminhos m{\'i}nimos multiobjetivo},
  booktitle={Anais do XLIII Simp{\'o}sio Brasileiro de Pesquisa Operacional (SBPO 2011)},
  address={Ubatuba, SP},
  publisher={SBC},
  year={2011}
}

@InProceedings{AraCacBezVieBor2018sc,
  author={Ara{\'u}jo, Adelson and Cacho, N{\'e}lio and Bezerra, Leonardo~C.~T. and Vieira, Carlos and Borges, Julio},
  booktitle={2018 IEEE 20th International Conference on High Performance Computing and Communications; IEEE 16th International Conference on Smart City; IEEE 4th International Conference on Data Science and Systems (HPCC/SmartCity/DSS)}, 
  title={Towards a Crime Hotspot Detection Framework for Patrol Planning}, 
  year={2018},
  pages={1256-1263},
  doi={10.1109/HPCC/SmartCity/DSS.2018.00211},
}

@InProceedings{BorZieBeiCacMarAraBezGei2018isc2,
  author={Borges, Julio and Ziehr, Daniel and Beigl, Michael and Cacho, N. and Martins, A. and Araujo, A. and Bezerra, Leonardo~C.~T. and Geisler, Simon},
  booktitle={2018 IEEE International Smart Cities Conference (ISC2)}, 
  title={Time-Series Features for Predictive Policing}, 
  year={2018},
  pages={1-8},
  doi={10.1109/ISC2.2018.8656731},
}

@InProceedings{OliWanSouBezStu2019emo,
  author={Oliveira, Sabrina
  and Wanner, Elizabeth F.
  and de Souza, S{\'e}rgio R.
  and Bezerra, Leonardo~C.~T.
  and St{\"u}tzle, Thomas},
  editor={Deb, Kalyanmoy
  and Goodman, Erik
  and Coello Coello, Carlos A.
  and Klamroth, Kathrin
  and Miettinen, Kaisa
  and Mostaghim, Sanaz
  and Reed, Patrick},
  title={The Hypervolume Indicator as a Performance Measure in Dynamic Optimization},
  booktitle={Evolutionary Multi-Criterion Optimization},
  year={2019},
  publisher={Springer International Publishing},
  address={Cham},
  pages={319--331},
 }

@inproceedings{BezLopStu2019gecco,
  author = {Bezerra, Leonardo~C.~T. and L{\'o}pez-Ib{\'a}{\~n}ez, Manuel and St{\"u}tzle, Thomas},
  title = {Archiver Effects on the Performance of State-of-the-Art Multi- and Many-Objective Evolutionary Algorithms},
  year = {2019},
  publisher = {Association for Computing Machinery},
  address = {New York, NY, USA},
  doi = {10.1145/3321707.3321789},
  booktitle = {Proceedings of the Genetic and Evolutionary Computation Conference},
  pages = {620–628},
  numpages = {9},
  location = {Prague, Czech Republic},
  series = {GECCO '19}
}

@InProceedings{AndCarBez2021bracis,
  author={Andrade Junior, Jos{\'e} E.
  and Cardoso-Silva, Jonathan
  and Bezerra, Leonardo~ C.~T.},
  editor={Britto, Andr{\'e}
  and Valdivia Delgado, Karina},
  title={Comparing Contextual Embeddings for Semantic Textual Similarity in Portuguese},
  booktitle={Brazilian Conference on Intelligent Systems (BRACIS 2021)},
  year={2021},
  publisher={Springer International Publishing},
  address={Cham},
  pages={389--404},
}

@InProceedings{VieAraAndBez2021isklearn,
  author={Vieira, Carlos and de Ara{\'u}jo, Adelson and Andrade, Jos{\'e} E. and Bezerra, Leonardo~C.~T.},
  booktitle={2021 IEEE Congress on Evolutionary Computation (CEC)}, 
  title={iSklearn: automated machine learning with irace}, 
  year={2021},
  pages={2354-2361},
  doi={10.1109/CEC45853.2021.9504696},
}

@InProceedings{CavWanBezStu2021fronts,
  author={{Cavalcante da Silva}, Gabriela  and Wanner, Elizabeth F. and Bezerra, Leonardo~C.~T. and St{\"u}tzle, Thomas},
  booktitle={2021 IEEE Congress on Evolutionary Computation (CEC)}, 
  title={Revisiting Pareto-optimal multi- and many-objective reference fronts for continuous optimization}, 
  year={2021},
  pages={1171-1178},
  doi={10.1109/CEC45853.2021.9504952},
}

@InProceedings{VieCacBez2021nasbench,
  author={Vieira, Carlos and C{\'a}ceres, Leslie P{\'e}rez and Bezerra, Leonardo~C.~T.},
  booktitle={2021 IEEE Congress on Evolutionary Computation (CEC)}, 
  title={Evaluating Anytime Performance on NAS-Bench-101}, 
  year={2021},
  pages={1249-1256},
  doi={10.1109/CEC45853.2021.9504902},
}

@InProceedings{OliAraBez2022cbi,
  author={Oliveira, Wellerson V. and Ara{\'u}jo, Daniel S.A. and Bezerra, Leonardo~C.~T.},
  booktitle={2022 IEEE 24th Conference on Business Informatics (CBI)}, 
  title={Supermarket customer segmentation: a case study in a large Brazilian retail chain}, 
  year={2022},
  volume={01},
  pages={70-79},
  doi={10.1109/CBI54897.2022.00015},
}

@InProceedings{AlmMarNunBez2022cbi,
  author={De Almeida, Fernanda M. and Martins, Allan M. and Nunes, Marcus A. and Bezerra, Leonardo~C.~T.},
  booktitle={2022 IEEE 24th Conference on Business Informatics (CBI)}, 
  title={Retail sales forecasting for a Brazilian supermarket chain: an empirical assessment}, 
  year={2022},
  volume={01},
  pages={60-69},
  doi={10.1109/CBI54897.2022.00014},
}

@InProceedings{DanAndBez2022hst,
  author={Dantas, Lucas H. A. and Andrade, Romerito C. and Bezerra, Leonardo~C.~T.},
  booktitle={2022 IEEE Congress on Evolutionary Computation (CEC)}, 
  title={High school timetabling at a federal educational institute in Brazil}, 
  year={2022},
  pages={1-8},
  doi={10.1109/CEC55065.2022.9870388},
}



