@Article{BezGolBurGol2013eswa,
  author={Leonardo C. T. Bezerra and 
	  Elizabeth F. G. Goldbarg and 
	  Luciana S. Buriol and 
	  Marco C. Goldbarg},
  title={Analyzing the impact of {MOACO} components: An algorithmic study on the multi-objective shortest path problem},
  journal={Expert Systems with Applications},
  volume={40},
  pages={345--355},
  publisher={Elsevier},
  year={2013}
}
@Article{BezLopStu2016tec,
  author={Bezerra, Leonardo~C.~T. and L{\'o}pez-Ib{\'a}{\~n}ez, Manuel and St{\"u}tzle, Thomas},
  title={Automatic component-wise design of multi-objective evolutionary algorithms},
  journal={IEEE Transactions on Evolutionary Computation},
  publisher={IEEE},
  volume={20},
  issue={3},
  pages={403--417},
  year={2016}
}
@Article{BezLopStu2018ecj,
  author={Bezerra, Leonardo~C.~T. and L{\'o}pez-Ib{\'a}{\~n}ez, Manuel and St{\"u}tzle, Thomas},
  title={A Large-Scale Experimental Evaluation of High-Performing Multi- and Many-Objective Evolutionary Algorithms},
  journal={Evolutionary Computation},
  publisher={MIT press},
  volume={26},
  number={4},
  pages={621--656},
  year={2018}
}
@Article{BezLopStu2020ecj,
  author={Bezerra, Leonardo~C.~T. and L{\'o}pez-Ib{\'a}{\~n}ez, Manuel and St{\"u}tzle, Thomas},
  title={Automatically Designing State-of-the-Art Multi- and Many-Objective Evolutionary Algorithms},
  journal={Evolutionary Computation},
  publisher={MIT press},
  volume={28},
  number={2},
  pages={195-226},
  doi={10.1162/evco_a_00263},
  year={2019}
}

@article{OliBezStuDorWanSou2021cor,
  title = {A computational study on ant colony optimization for the traveling salesman problem with dynamic demands},
  journal = {Computers \& Operations Research},
  volume = {135},
  pages = {105359},
  year = {2021},
  doi = {10.1016/j.cor.2021.105359},
  author = {Sabrina M. {de Oliveira} and Bezerra, Leonardo~C.~T.  and St{\"u}tzle, Thomas and Marco Dorigo and Elizabeth F. Wanner and S{\'e}rgio R. {de Souza}},
}

@article{CavMonOliWanBezTakLim2021tp,
  title = {Comparing community mobility reduction between first and second {COVID-19} waves},
  journal = {Transport Policy},
  volume = {112},
  pages = {114-124},
  year = {2021},
  doi = {10.1016/j.tranpol.2021.08.004},
  author = {Gabriela {Cavalcante da Silva} and Fernanda {Monteiro de Almeida} and Sabrina M. {de Oliveira} and Elizabeth F. Wanner and Bezerra, Leonardo~C.~T. and Ricardo H.C. Takahashi and Luciana Lima},
}

 article{EndSilLimBezGomRibAlvMonLynSam2020rsbmt,  
  title={\#{StayHome}: monitoring and benchmarking social isolation trends in Caruaru and the Regi√£o Metropolitana do Recife during the {COVID-19} pandemic},  
  volume={53},  
  DOI={10.1590/0037-8682-0271-2020},  
  number={53},  
  journal={Revista da Sociedade Brasileira de Medicina Tropical},
  publisher={Sociedade Brasileira de Medicina Tropical - SBMT},
  author={Endo, Patricia Takako and Silva, Ivanovitch and Lima, Luciana and Bezerra, Leonardo~C.~.T and Gomes, Rafael and Ribeiro-Dantas, Marcel and Alves, Gisliany and Monteiro, Kayo Henrique de Carvalho and Lynn, Theo and Sampaio, Vanderson de Souza},  
  year={2020},  
  pages={e20200271},
}